<?xml version="1.0" encoding="UTF-8"?>
<record xmlns="http://www.loc.gov/MARC21/slim">
   <leader>02393cam a2200361Ma 4500</leader>
   <controlfield tag="001">1463551</controlfield>
   <controlfield tag="003">NjP</controlfield>
   <controlfield tag="005">20190705143652.0</controlfield>
   <controlfield tag="008">930608s1909    ua            000 0 ara d</controlfield>
   <datafield tag="024" ind1="7" ind2=" ">
      <subfield code="a">princeton_aco004688</subfield>
      <subfield code="2">local</subfield>
   </datafield>
   <datafield ind1=" " ind2=" " tag="035">
      <subfield code="9">CEL8651TS</subfield>
   </datafield>
   <datafield ind1=" " ind2=" " tag="035">
      <subfield code="a">(NjP)1463551</subfield>
   </datafield>
   <datafield ind1=" " ind2=" " tag="040">
      <subfield code="a">HLS</subfield>
      <subfield code="c">PUL</subfield>
      <subfield code="d">PUL</subfield>
   </datafield>
   <datafield ind1=" " ind2=" " tag="049">
      <subfield code="a">PULL</subfield>
   </datafield>
   <datafield ind1=" " ind2=" " tag="035">
      <subfield code="a">(OCoLC)ocm36530086</subfield>
   </datafield>
   <datafield ind1="1" ind2=" " tag="100">
      <subfield code="6">880-01</subfield>
      <subfield code="a">Tanūkhī, Muḥammad ibn Muḥammad,</subfield>
      <subfield code="d">fl. 13th cent.</subfield>
   </datafield>
   <datafield ind1="1" ind2="3" tag="245">
      <subfield code="6">880-02</subfield>
      <subfield code="a">al-Aqṣá al-qarīb fī ʻilm al-bayān /</subfield>
      <subfield code="c">taʼlīf Zayn al-Dīn Abī ʻAbd Allāh Muḥammad ibn Muḥammmad ibn Muḥammad ibn ʻAmr al-Tanūkhī ; [muṣḥḥiḥuh Muḥammad Badr al-Dīn]</subfield>
   </datafield>
   <datafield ind1=" " ind2=" " tag="250">
      <subfield code="6">880-03</subfield>
      <subfield code="a">al-Ṭabʻah 1.</subfield>
   </datafield>
   <datafield ind1=" " ind2=" " tag="260">
      <subfield code="6">880-04</subfield>
      <subfield code="a">[Cairo] :</subfield>
      <subfield code="b">Yubāʻ fī maḥall Muḥammad Amīn al-Khanjī al-Kutubī wa-Shurakāh,</subfield>
      <subfield code="c">1327 [1909]</subfield>
      <subfield code="e">(Miṣr :</subfield>
      <subfield code="f">Maṭbaʻat al-Saʻādah)</subfield>
   </datafield>
   <datafield ind1=" " ind2=" " tag="300">
      <subfield code="a">120 p. ;</subfield>
      <subfield code="c">24 cm.</subfield>
   </datafield>
   <datafield ind1=" " ind2=" " tag="500">
      <subfield code="6">880-05</subfield>
      <subfield code="a">"Ṣuḥḥiḥa ʻalá nuskhah qaraʼahā al-ʻAllāmah ʻIzz al-Dīn Abū ʻAbd Allāh Muḥammmad al-Amyūṭī ʻalá muṣannafih sanah 692 Hijrīyah wa-ʻalayhā ijāzat al-muṣannif la-hu bi-kaṭṭ akhīh al-ʻAllāmah ʻAbd al-Majīd al-Tanūkhī."</subfield>
   </datafield>
   <datafield ind1=" " ind2="0" tag="650">
      <subfield code="a">Arabic language</subfield>
      <subfield code="x">Rhetoric</subfield>
      <subfield code="v">Early works to 1800.</subfield>
      <subfield code="0">http://id.loc.gov/authorities/subjects/sh2007101240</subfield>
   </datafield>
   <datafield ind1="1" ind2=" " tag="700">
      <subfield code="6">880-06</subfield>
      <subfield code="a">Badr al-Dīn, Muḥammad.</subfield>
   </datafield>
   <datafield ind1="1" ind2=" " tag="880">
      <subfield code="6">100-01/r</subfield>
      <subfield code="a">تنوخي، محمد بن محمد،</subfield>
      <subfield code="d">فل. 13ث نت.</subfield>
   </datafield>
   <datafield ind1="1" ind2="2" tag="880">
      <subfield code="6">245-02/r</subfield>
      <subfield code="a">الاقصى القريب في علم البيان /</subfield>
      <subfield code="c">تأليف زين الدين ابي عبد الله محمد بن محممد بن محمد بن عمرو التنوخي ؛ [مصححه محمد بدر الدين]</subfield>
   </datafield>
   <datafield ind1=" " ind2=" " tag="880">
      <subfield code="6">250-03/r</subfield>
      <subfield code="a">الطبعة 1.</subfield>
   </datafield>
   <datafield ind1=" " ind2=" " tag="880">
      <subfield code="6">260-04/r</subfield>
      <subfield code="a">[القاهرة] :</subfield>
      <subfield code="b">يباع في محل محمد امين الخنجي الكتبي وشركاه،</subfield>
      <subfield code="c">1327 [1909]</subfield>
      <subfield code="e">(مصر :</subfield>
      <subfield code="f">مطبعة السعاده)</subfield>
   </datafield>
   <datafield ind1=" " ind2=" " tag="880">
      <subfield code="6">500-05/r</subfield>
      <subfield code="a">"صحح على نسخة قرأها العلامة عز الدين ابو عبد الله محممد الاميوطي على مصنفه سنة 692 هجرية وعليها اجازة المصنف له بكط اخيه العلامة عبد المجيد التنوخي."</subfield>
   </datafield>
   <datafield ind1="1" ind2=" " tag="880">
      <subfield code="6">700-06/r</subfield>
      <subfield code="a">بدر الدين، محمد.</subfield>
   </datafield>
   <datafield ind1=" " ind2=" " tag="947">
      <subfield code="a">CEL8651</subfield>
   </datafield>
   <datafield ind1=" " ind2=" " tag="911">
      <subfield code="a">20000130</subfield>
   </datafield>
   <datafield ind1=" " ind2=" " tag="994">
      <subfield code="a">C0</subfield>
      <subfield code="b">PUL</subfield>
   </datafield>
   <datafield ind1=" " ind2=" " tag="999">
      <subfield code="a">1463551</subfield>
   </datafield>
   <datafield ind1=" " ind2=" " tag="979">
      <subfield code="a">(OCoLC)ocn176836831</subfield>
   </datafield>
   <datafield ind1="8" ind2="0" tag="852">
      <subfield code="0">1677435</subfield>
      <subfield code="b">rcppa</subfield>
      <subfield code="t">0</subfield>
      <subfield code="h">2276.72.312</subfield>
      <subfield code="x">tr fr f</subfield>
   </datafield>
   <datafield ind1=" " ind2=" " tag="959">
      <subfield code="a">2000-06-13 00:00:00 -0500</subfield>
   </datafield>
</record>
